%% BibTeX bibliography

%% Created for Kyler Stole at 2016-11-06 12:51:54 -0800 


%% Saved with string encoding Unicode (UTF-8) 



@electronic{
	Electronic,
	Author = {undefined},
	Date-Added = {yyyy-MM-dd HH:mm:ss zzzz},
	Date-Modified = {yyyy-MM-dd HH:mm:ss zzzz},
	Title = {undefined},
	Lastchecked = {undefined},
	Publisher = {{undefined}},
	Url = {undefined},
	Year = {undefined},
	Month = undefined,
	Bdsk-Url-1 = {undefined}
}

@article{
	Article,
	Abstract = {Content},
	Author = {undefined},
	Date-Added = {yyyy-MM-dd HH:mm:ss zzzz},
	Date-Modified = {yyyy-MM-dd HH:mm:ss zzzz},
	Journal = {undefined},
	Keywords = {undefined},
	Pages = {undefined},
	Title = {undefined},
	Year = {undefined}}

@standard{
	Standard,
    title         = "undefined",
    organization  = "undefined",
    number        = "undefined",
    year          = "undefined"
}