@misc{amd_k8,
	url = "https://upload.wikimedia.org/wikipedia/commons/3/3b/AMD_A64_Opteron_arch.svg"
}

@misc{intel_core2,
	url = "https://upload.wikimedia.org/wikipedia/commons/6/60/Intel_Core2_arch.svg"
}

@misc{amd_ref,
	title = "The AMD Hammer Processor Core",
    author = "Chetana N.Keltcher Memor of Technical Staff Advanced Micro Devices",
	url = "http://www.hotchips.org/wp-content/uploads/hc_archives/hc14/3_Tue/27_AMD_Hammer_Core_HC_v5.pdf"
}

@electronic{amd_athlon_64,
	title = "AMD's Athlon 64 Processor Insert Hammer Pun Here",
    author = "Scott Wasson",
    url = "http://techreport.com/review/5683/amd-athlon-64-processor",
    year = "2003",
    month = "sep"
}

@electronic{hammer_amd_arch,
	title = "Intel Core versus AMD's K8 architecture",
    author = "Anand Lal Shimpi",
    url = "http://www.anandtech.com/show/1998/2",
    year = "2006",
    month = "may"
}

@electronic{inside_amd_64,
	title = "Inside AMD’s Hammer: the 64-bit architecture behind the Opteron and Athlon 64",
    author = "JON STOKES",
    url = "http://arstechnica.com/features/2005/02/amd-hammer-1/",
    year = "2005",
    month = "feb"
}

@electronic{redhat_amd,
	title = "Red Hat and AMD Announce Red Hat Linux Advanced Server Operating System for AMD's Hammer Technology",
    author = "RALEIGH, N.C.",
    url = "https://www.redhat.com/en/about/press-releases/240",
    year = "2002",
    month = "aug"
}

@journal{pdf_amd_mem,
	title = "CACHE HIERARCHY AND MEMORY SUBSYSTEM OF THE AMD OPTERON PROCESSOR",
    url = "http://portal.nersc.gov/project/training/files/XE6-feb-2011/Architecture/Opteron-Memory-Cache.pdf",
    publish = "the IEEE Computer Society",
    year = "2008",
    month = "jul"
}

@journal{pdf_amd_v,
	title = "AMD-V™ Nested Paging",
    author = "Advanced Micro Devices, Inc. ",
    url = "http://developer.amd.com/wordpress/media/2012/10/NPT-WP-1%201-final-TM.pdf",
    year = "2010",
    month = "oct"
}

@journal{pdf_amd_k8,
	title = "AMD K8 Processor Architecture",
    author = "Joe Winkles MindShare Inc.",
    url = "https://www.mindshare.com/files/resources/MindShare_AMD_K8_whitepaper.pdf",
    year = "2005",
    month = "nov"
}

@journal{pdf_intel_core,
	title = "Extending the World’s Most Popular Processor Architecture",
    author = "R.M. Ramanathan Ron Curry Srinivas Chennupaty Robert L. Cross Shihjong Kuo Mark J. Buxton",
    url = "https://pdfs.semanticscholar.org/5c22/73a770fad648767eeb3e77352db747892235.pdf"
}

@journal{pdf_intel_duo,
	title = "PERFORMANCE ANALYSIS OF INTEL CORE 2 DUO PROCESSOR",
    author = "Tribuvan Kumar Prakash",
    url = "http://www.bioperf.org/Pra07.pdf",
    year = "2007",
    month = "aug"
}
